%
%  An example of a bibliographical database for bibTeX
%
%  Recommended software for maintenance of *.bib files:
%    JabRef, http://jabref.sourceforge.net/
%
%  BEWARE:
%
%    *  If a name contains a capital letter, which must be kept such,
%       use curly brackets ({T}hailand, {HIV}).
%
%  ===========================================================================


@InProceedings{TIEDEMANN12.463,
  author = {Jörg Tiedemann},
  title = {Parallel Data, Tools and Interfaces in OPUS},
  booktitle = {Proceedings of the Eight International Conference on Language Resources and Evaluation (LREC'12)},
  year = {2012},
  month = {may},
  date = {23-25},
  address = {Istanbul, Turkey},
  editor = {Nicoletta Calzolari (Conference Chair) and Khalid Choukri and Thierry Declerck and Mehmet Ugur Dogan and Bente Maegaard and Joseph Mariani and Jan Odijk and Stelios Piperidis},
  publisher = {European Language Resources Association (ELRA)},
  isbn = {978-2-9517408-7-7},
  language = {english}
 }

@article{training-tips,
author = {Popel, Martin and Bojar, Ondřej},
year = {2018},
month = {03},
pages = {},
title = {Training Tips for the Transformer Model},
volume = {110},
journal = {The Prague Bulletin of Mathematical Linguistics},
doi = {10.2478/pralin-2018-0002}
}

@incollection{vaswani-2017-transformer,
author = {Vaswani, Ashish and Shazeer, Noam and Parmar, Niki and Uszkoreit, Jakob and Jones, Llion and Gomez, Aidan N and Kaiser, {\L}ukasz and Polosukhin, Illia},
booktitle = {Advances in Neural Information Processing Systems 30},
editor = {Guyon, I and Luxburg, U V and Bengio, S and Wallach, H and Fergus, R and Vishwanathan, S and Garnett, R},
pages = {5998-6008},
publisher = {Curran Associates, Inc.},
title = {{Attention is All you Need}},
url = {http://papers.nips.cc/paper/7181-attention-is-all-you-need.pdf},
year = {2017}
}

@article{johnson-etal-2017-googles,
author = {Johnson, Melvin and Schuster, Mike and Le, Quoc V and Krikun, Maxim and Wu, Yonghui and Chen, Zhifeng and Thorat, Nikhil and Vi{\'{e}}gas, Fernanda and Wattenberg, Martin and Corrado, Greg and Hughes, Macduff and Dean, Jeffrey},
doi = {10.1162/tacl_a_00065},
journal = {Transactions of the Association for Computational Linguistics},
pages = {339--351},
title = {{Google's Multilingual Neural Machine Translation System: Enabling Zero-Shot Translation}},
url = {https://www.aclweb.org/anthology/Q17-1024},
volume = {5},
year = {2017}
}


@inproceedings{aharoni-etal-2019-massively,
address = {Minneapolis, Minnesota},
author = {Aharoni, Roee and Johnson, Melvin and Firat, Orhan},
booktitle = {Proceedings of the 2019 Conference of the North {\{}A{\}}merican Chapter of the Association for Computational Linguistics: Human Language Technologies, Volume 1 (Long and Short Papers)},
doi = {10.18653/v1/N19-1388},
pages = {3874--3884},
publisher = {Association for Computational Linguistics},
title = {{Massively Multilingual Neural Machine Translation}},
url = {https://www.aclweb.org/anthology/N19-1388},
year = {2019}
}

@article{arivazhagan-2019-mmnmt-in-the-wild,
archivePrefix = {arXiv},
arxivId = {1907.05019},
author = {Arivazhagan, Naveen and Bapna, Ankur and Firat, Orhan and Lepikhin, Dmitry and Johnson, Melvin and Krikun, Maxim and Chen, Mia Xu and Cao, Yuan and Foster, George and Cherry, Colin and Macherey, Wolfgang and Chen, Zhifeng and Wu, Yonghui},
eprint = {1907.05019},
month = {jul},
title = {{Massively Multilingual Neural Machine Translation in the Wild: Findings and Challenges}},
url = {http://arxiv.org/abs/1907.05019},
year = {2019}
}


@inproceedings{mariannmt,
address = {Melbourne, Australia},
author = {Junczys-Dowmunt, Marcin and Grundkiewicz, Roman and Dwojak, Tomasz and Hoang, Hieu and Heafield, Kenneth and Neckermann, Tom and Seide, Frank and Germann, Ulrich and {Fikri Aji}, Alham and Bogoychev, Nikolay and Martins, Andr{\'{e}} F T and Birch, Alexandra},
booktitle = {Proceedings of ACL 2018, System Demonstrations},
title = {{Marian: Fast Neural Machine Translation in {\{}C++{\}}}},
url = {https://arxiv.org/abs/1804.00344},
year = {2018}
}

@inproceedings{eisele-chen-2010-multiun,
address = {Valletta, Malta},
author = {Eisele, Andreas and Chen, Yu},
booktitle = {Proceedings of the Seventh International Conference on Language Resources and Evaluation ({\{}LREC{\}}'10)},
publisher = {European Language Resources Association (ELRA)},
title = {{{\{}M{\}}ulti{\{}UN{\}}: A Multilingual Corpus from United Nation Documents}},
url = {http://www.lrec-conf.org/proceedings/lrec2010/pdf/686{\_}Paper.pdf},
year = {2010}
}

@book{koehn_2020,
place={Cambridge},
title={Neural Machine Translation},
publisher={Cambridge University Press},
author={Koehn, Philipp},
year={2020}
}

@article{koehn_nmt_draft,
  author    = {Philipp Koehn},
  title     = {Neural Machine Translation},
  journal   = {CoRR},
  volume    = {abs/1709.07809},
  year      = {2017},
  url       = {http://arxiv.org/abs/1709.07809},
  archivePrefix = {arXiv},
  eprint    = {1709.07809},
  timestamp = {Mon, 13 Aug 2018 16:47:37 +0200},
  biburl    = {https://dblp.org/rec/journals/corr/abs-1709-07809.bib},
  bibsource = {dblp computer science bibliography, https://dblp.org}
}

@inproceedings{Kudugunta2019,
author = {Kudugunta, Sneha and Bapna, Ankur and Caswell, Isaac and Firat, Orhan},
year = {2019},
pages = {1565-1575},
title = {Investigating Multilingual NMT Representations at Scale},
doi = {10.18653/v1/D19-1167}
}

@article{Siddhant2019,
	arxivId = {1909.00437},
	author = {Siddhant, Aditya and Johnson, Melvin and Tsai, Henry and Arivazhagan, Naveen and Riesa, Jason and Bapna, Ankur and Firat, Orhan and Raman, Karthik},
	eprint = {1909.00437},
	month = {sep},
	title = {{Evaluating the Cross-Lingual Effectiveness of Massively Multilingual Neural Machine Translation}},
	url = {http://arxiv.org/abs/1909.00437},
	year = {2019}
}

@inproceedings{siddhant-2020-x-ling-effect,
title = {Evaluating the Cross-Lingual Effectiveness of
	Massively Multilingual Neural Machine Translation},
author = {Aditya Siddhant and Ankur Bapna and Henry Tsai and Jason Riesa
	and Karthik Raman and Melvin Johnson and Naveen Ari and Orhan Firat},
year = {2020}
}

@inproceedings{bojar-etal-2018-findings,
    title = "Findings of the 2018 Conference on Machine Translation ({WMT}18)",
    author = "Bojar, Ond{\v{r}}ej  and
      Federmann, Christian  and
      Fishel, Mark  and
      Graham, Yvette  and
      Haddow, Barry  and
      Koehn, Philipp  and
      Monz, Christof",
    booktitle = "Proceedings of the Third Conference on Machine Translation: Shared Task Papers",
    month = oct,
    year = "2018",
    address = "Belgium, Brussels",
    publisher = "Association for Computational Linguistics",
    url = "https://www.aclweb.org/anthology/W18-6401",
    doi = "10.18653/v1/W18-6401",
    pages = "272--303",
}

@inproceedings{barrault-EtAl:2019:WMT,
address = {Stroudsburg, PA, USA},
author = {Barrault, Lo{\"{i}}c and Bojar, Ondřej and Costa-juss{\`{a}}, Marta R and Federmann, Christian and Fishel, Mark and Graham, Yvette and Haddow, Barry and Huck, Matthias and Koehn, Philipp and Malmasi, Shervin and Monz, Christof and M{\"{u}}ller, Mathias and Pal, Santanu and Post, Matt and Zampieri, Marcos},
booktitle = {Proceedings of the Fourth Conference on Machine Translation (Volume 2: Shared Task Papers, Day 1)},
doi = {10.18653/v1/W19-5301},
file = {:home/bohdan/Documents/papers/WMT19.pdf:pdf},
mendeley-groups = {master's thesis/other's theses},
pages = {1--61},
publisher = {Association for Computational Linguistics},
title = {{Findings of the 2019 Conference on Machine Translation (WMT19)}},
url = {http://www.aclweb.org/anthology/W19-5301 https://www.aclweb.org/anthology/W19-5301},
year = {2019}
}

@INPROCEEDINGS{Papineni02bleu,
    author = {Kishore Papineni and Salim Roukos and Todd Ward and Wei-jing Zhu},
    title = {BLEU: a Method for Automatic Evaluation of Machine Translation},
    booktitle = {Proceedings of the 40th annual meeting
		 on association for computational linguistics},
    year = {2002},
    pages = {311--318},
    organization = {Association for Computational Linguistics}
}

@inproceedings{junczys-dowmunt-etal-2018-marian-cost,
author = {Junczys-Dowmunt, Marcin and Heafield, Kenneth and Hoang, Hieu and Grundkiewicz, Roman and Aue, Anthony},
booktitle = {Proceedings of the 2nd Workshop on Neural Machine Translation and Generation},
doi = {10.18653/v1/W18-2716},
pages = {129--135},
publisher = {Association for Computational Linguistics},
title = {{Marian: Cost-effective High-Quality Neural Machine Translation in C++}},
url = {https://www.aclweb.org/anthology/W18-2716 http://aclweb.org/anthology/W18-2716},
year = {2018}
}

@article{Han2016,
archivePrefix = {arXiv},
arxivId = {1605.04515},
author = {Han, Lifeng},
eprint = {1605.04515},
title = {{Machine Translation Evaluation Resources and Methods: A Survey}},
url = {http://arxiv.org/abs/1605.04515},
volume = {2018},
year = {2016}
}

@book{Translation1966,
address = {Washington, D.C.},
author = {ALPAC},
booktitle = {Language and Machines},
doi = {10.17226/9547},
isbn = {978-0-309-57056-5},
month = {jan},
publisher = {National Academies Press},
title = {{Language and Machines}},
url = {http://www.nap.edu/catalog/9547},
year = {1966}
}

@misc{wandb,
title = {Experiment Tracking with Weights and Biases},
year = {2020},
note = {Software available from wandb.com},
url={https://www.wandb.com/},
author = {Biewald, Lukas},
}

@article{Dabre2019,
	annote = {Overview of the multitarget mt is here, some useful papers also},
	archivePrefix = {arXiv},
	arxivId = {1905.05395},
	author = {Dabre, Raj and Chu, Chenhui and Kunchukuttan, Anoop},
	eprint = {1905.05395},
	month = {may},
	title = {{A Brief Survey of Multilingual Neural Machine Translation}},
	url = {http://arxiv.org/abs/1905.05395},
	year = {2019}
}

@techreport{Dabre2017,
    title = "An Empirical Study of Language Relatedness for Transfer Learning in Neural Machine Translation",
    author = "Dabre, Raj  and
      Nakagawa, Tetsuji  and
      Kazawa, Hideto",
    booktitle = "Proceedings of the 31st Pacific Asia Conference on Language, Information and Computation",
    month = nov,
    year = "2017",
    publisher = "The National University (Phillippines)",
    url = "https://www.aclweb.org/anthology/Y17-1038",
    pages = "282--286",
}


@inproceedings{Su1992,
	author = {Su, Keh-Yih and Wu, Ming-Wen and Chang, Jing-Shin},
	title = {A New Quantitative Quality Measure for Machine Translation Systems},
	year = {1992},
	publisher = {Association for Computational Linguistics},
	address = {USA},
	url = {https://doi.org/10.3115/992133.992137},
	doi = {10.3115/992133.992137},
	booktitle = {Proceedings of the 14th Conference on Computational Linguistics - Volume 2},
	pages = {433–439},
	numpages = {7},
	location = {Nantes, France},
	series = {COLING ’92}
}

@inproceedings{Snover2006,
	title={A Study of Translation Edit Rate with Targeted Human Annotation},
	author={Matthew Snover and Bonnie J. Dorr and Richard H. Schwartz and Linnea Micciulla},
	year={2006}
}

@inproceedings{Post2018-sacrebleu,
    title = "A Call for Clarity in Reporting {BLEU} Scores",
    author = "Post, Matt",
    booktitle = "Proceedings of the Third Conference on Machine Translation: Research Papers",
    month = oct,
    year = "2018",
    address = "Brussels, Belgium",
    publisher = "Association for Computational Linguistics",
    url = "https://www.aclweb.org/anthology/W18-6319",
    doi = "10.18653/v1/W18-6319",
    pages = "186--191",
}

@article{early-stopping-img,
author = {Gençay, Ramazan and Qi, Min},
year = {2001},
month = {08},
pages = {726 - 734},
title = {Pricing and hedging derivative securities with neural networks: Bayesian regularization, early stopping, and bagging},
volume = {12},
journal = {Neural Networks, IEEE Transactions on},
doi = {10.1109/72.935086}
}
