%
%  An example of a bibliographical database for bibTeX
%
%  Recommended software for maintenance of *.bib files:
%    JabRef, http://jabref.sourceforge.net/
%
%  BEWARE:
%
%    *  If a name contains a capital letter, which must be kept such,
%       use curly brackets ({T}hailand, {HIV}).
%
%  ===========================================================================

@BOOK{Andel07,
  title = {Základy matematické statistiky},
  publisher = {Matfyzpress},
  year = {2007},
  author = {Anděl, J.},
  address = {Praha},
  series = {Druhé opravené vydání},
  isbn = {80-7378-001-1}
}

@BOOK{Andel98,
  title = {Statistické metody},
  publisher = {Matfyzpress},
  year = {1998},
  author = {Anděl, J.},
  address = {Praha},
  series = {Druhé přepracované vydání},
  isbn = {80-85863-27-8}
}

@ARTICLE{Cox72,
  author = {Cox, D. R.},
  title = {Regression models and life-tables (with {D}iscussion)},
  journal = {Journal of the Royal Statistical Society, Series B},
  year = {1972},
  volume = {34},
  pages = {187--220},
  number = {2}
}

@ARTICLE{DempsterLairdRubin77,
  author = {Dempster, A. P. and Laird, N. M. and Rubin, D. B.},
  title = {Maximum likelihood from incomplete data via the {EM} algorithm},
  journal = {Journal of the Royal Statistical Society, Series B},
  year = {1977},
  volume = {39},
  pages = {1--38},
  number = {1}
}

@ARTICLE{Genberget08,
  author = {Genberg, B. L. and Kulich, M. and Kawichai, S. and Modiba, P. and
	Chingono, A. and Kilonzo, G. P. and Richter, L. and Pettifor, A.
	and Sweat, M. and Celentano, D. D.},
  title = {{HIV} risk behaviors in Sub-{S}aharan {A}frica and {N}orthern {T}hailand:
	{B}aseline behavioral data from project {A}ccept},
  journal = {Journal of Acquired Immune Deficiency Syndrome},
  year = {2008},
  volume = {49},
  pages = {309--319}
}

@ARTICLE{KaplanMeier58,
  author = {Kaplan, E. L. and Meier, P.},
  title = {Nonparametric estimation from incomplete observations},
  journal = {Journal of the American Statistical Association},
  year = {1958},
  volume = {53},
  pages = {457--481},
  number = {282}
}

@BOOK{LehmannCasella98,
  title = {Theory of Point Estimation},
  publisher = {Springer-Verlag},
  year = {1998},
  author = {Lehmann, E. L. and Casella, G.},
  address = {New York},
  series = {{S}econd {E}dition},
  isbn = {0-387-98502-6}
}

@ARTICLE{Student08,
  author = {Student},
  title = {On the probable error of the mean},
  journal = {Biometrika},
  year = {1908},
  volume = {6},
  pages = {1-25}
}

@InProceedings{TIEDEMANN12.463,
  author = {Jörg Tiedemann},
  title = {Parallel Data, Tools and Interfaces in OPUS},
  booktitle = {Proceedings of the Eight International Conference on Language Resources and Evaluation (LREC'12)},
  year = {2012},
  month = {may},
  date = {23-25},
  address = {Istanbul, Turkey},
  editor = {Nicoletta Calzolari (Conference Chair) and Khalid Choukri and Thierry Declerck and Mehmet Ugur Dogan and Bente Maegaard and Joseph Mariani and Jan Odijk and Stelios Piperidis},
  publisher = {European Language Resources Association (ELRA)},
  isbn = {978-2-9517408-7-7},
  language = {english}
 }

@article{training-tips,
author = {Popel, Martin and Bojar, Ondřej},
year = {2018},
month = {03},
pages = {},
title = {Training Tips for the Transformer Model},
volume = {110},
journal = {The Prague Bulletin of Mathematical Linguistics},
doi = {10.2478/pralin-2018-0002}
}

@incollection{attention-is-all-you-need,
author = {Vaswani, Ashish and Shazeer, Noam and Parmar, Niki and Uszkoreit, Jakob and Jones, Llion and Gomez, Aidan N and Kaiser, {\L}ukasz and Polosukhin, Illia},
booktitle = {Advances in Neural Information Processing Systems 30},
editor = {Guyon, I and Luxburg, U V and Bengio, S and Wallach, H and Fergus, R and Vishwanathan, S and Garnett, R},
pages = {5998-6008},
publisher = {Curran Associates, Inc.},
title = {{Attention is All you Need}},
url = {http://papers.nips.cc/paper/7181-attention-is-all-you-need.pdf},
year = {2017}
}

@article{johnson-etal-2017-googles,
author = {Johnson, Melvin and Schuster, Mike and Le, Quoc V and Krikun, Maxim and Wu, Yonghui and Chen, Zhifeng and Thorat, Nikhil and Vi{\'{e}}gas, Fernanda and Wattenberg, Martin and Corrado, Greg and Hughes, Macduff and Dean, Jeffrey},
doi = {10.1162/tacl_a_00065},
journal = {Transactions of the Association for Computational Linguistics},
pages = {339--351},
title = {{Google's Multilingual Neural Machine Translation System: Enabling Zero-Shot Translation}},
url = {https://www.aclweb.org/anthology/Q17-1024},
volume = {5},
year = {2017}
}


@inproceedings{aharoni-etal-2019-massively,
address = {Minneapolis, Minnesota},
annote = {Basically lots of things to mention while describing RANDOM task},
author = {Aharoni, Roee and Johnson, Melvin and Firat, Orhan},
booktitle = {Proceedings of the 2019 Conference of the North {\{}A{\}}merican Chapter of the Association for Computational Linguistics: Human Language Technologies, Volume 1 (Long and Short Papers)},
doi = {10.18653/v1/N19-1388},
pages = {3874--3884},
publisher = {Association for Computational Linguistics},
title = {{Massively Multilingual Neural Machine Translation}},
url = {https://www.aclweb.org/anthology/N19-1388},
year = {2019}
}

@article{arivazhagan-2019-mmnmt-in-the-wild,
archivePrefix = {arXiv},
arxivId = {1907.05019},
author = {Arivazhagan, Naveen and Bapna, Ankur and Firat, Orhan and Lepikhin, Dmitry and Johnson, Melvin and Krikun, Maxim and Chen, Mia Xu and Cao, Yuan and Foster, George and Cherry, Colin and Macherey, Wolfgang and Chen, Zhifeng and Wu, Yonghui},
eprint = {1907.05019},
month = {jul},
title = {{Massively Multilingual Neural Machine Translation in the Wild: Findings and Challenges}},
url = {http://arxiv.org/abs/1907.05019},
year = {2019}
}


@inproceedings{mariannmt,
address = {Melbourne, Australia},
author = {Junczys-Dowmunt, Marcin and Grundkiewicz, Roman and Dwojak, Tomasz and Hoang, Hieu and Heafield, Kenneth and Neckermann, Tom and Seide, Frank and Germann, Ulrich and {Fikri Aji}, Alham and Bogoychev, Nikolay and Martins, Andr{\'{e}} F T and Birch, Alexandra},
booktitle = {Proceedings of ACL 2018, System Demonstrations},
title = {{Marian: Fast Neural Machine Translation in {\{}C++{\}}}},
url = {https://arxiv.org/abs/1804.00344},
year = {2018}
}

